@article{park2008roadside,
  title={Roadside passive multichannel analysis of surface waves (MASW)},
  author={Park, Choon B and Miller, Richard D},
  journal={Journal of Environmental \& Engineering Geophysics},
  volume={13},
  number={1},
  pages={1--11},
  year={2008},
  publisher={Society of Exploration Geophysicists}
}


@incollection{park1999higher,
  title={Higher mode observation by the MASW method},
  author={Park, Choon B and Miller, Richard D and Xia, Jianghai and Hunter, James A and Harris, James B},
  booktitle={SEG Technical Program Expanded Abstracts 1999},
  pages={524--527},
  year={1999},
  publisher={Society of Exploration Geophysicists}
}

@article{park2007multichannel,
  title={Multichannel analysis of surface waves (MASW)â€”active and passive methods},
  author={Park, Choon B and Miller, Richard D and Xia, Jianghai and Ivanov, Julian},
  journal={The Leading Edge},
  volume={26},
  number={1},
  pages={60--64},
  year={2007},
  publisher={Society of Exploration Geophysicists}
}